@misc{dong2025mmdocirbenchmarkingmultimodalretrieval,
      title={MMDocIR: Benchmarking Multi-Modal Retrieval for Long Documents}, 
      author={Kuicai Dong and Yujing Chang and Xin Deik Goh and Dexun Li and Ruiming Tang and Yong Liu},
      year={2025},
      eprint={2501.08828},
      archivePrefix={arXiv},
      primaryClass={cs.IR},
      url={https://arxiv.org/abs/2501.08828}, 
}